<record><leader>00000cas a2200000 a 4500</leader><controlfield tag="001">11397078</controlfield><controlfield tag="008">841117d19501953hiuwr ne      0    0eng d</controlfield><datafield ind1=" " ind2=" " tag="010"><subfield code="a">sn 84045316 </subfield></datafield><datafield ind1=" " ind2=" " tag="040"><subfield code="a">HUH</subfield><subfield code="b">eng</subfield><subfield code="c">HUH</subfield><subfield code="d">HWN</subfield><subfield code="d">OCL</subfield><subfield code="d">OCLCQ</subfield></datafield><datafield ind1=" " ind2=" " tag="042"><subfield code="a">msc</subfield></datafield><datafield ind1=" " ind2=" " tag="043"><subfield code="a">n-us-hi</subfield></datafield><datafield ind1=" " ind2=" " tag="090"><subfield code="a">AN2</subfield><subfield code="b">.R88</subfield></datafield><datafield ind1="0" ind2="4" tag="245"><subfield code="a">The Rural Oahu reporter.</subfield></datafield><datafield ind1=" " ind2=" " tag="260"><subfield code="a">West Oahu, T.H. [Wahiawa] :</subfield><subfield code="b">s.n.,</subfield><subfield code="c">1950-1953.</subfield></datafield><datafield ind1=" " ind2=" " tag="300"><subfield code="a">4 v. :</subfield><subfield code="b">ill. ;</subfield><subfield code="c">41-45 cm.</subfield></datafield><datafield ind1=" " ind2=" " tag="310"><subfield code="a">Weekly</subfield></datafield><datafield ind1="0" ind2=" " tag="362"><subfield code="a">-v. 4, no. 34 (May 6, 1953).</subfield></datafield><datafield ind1="1" ind2=" " tag="362"><subfield code="a">Began in June 1950.</subfield></datafield><datafield ind1=" " ind2=" " tag="588"><subfield code="a">Description based on: V. 1, no. 41 (June 29, 1950).</subfield></datafield><datafield ind1=" " ind2=" " tag="752"><subfield code="a">United States</subfield><subfield code="b">Hawaii</subfield><subfield code="c">Honolulu</subfield><subfield code="d">Wahiawa.</subfield></datafield><datafield ind1="0" ind2="0" tag="780"><subfield code="t">Rural reporter (Wahiawa, Hawaii : 1950)</subfield><subfield code="w">(DLC)sn 84045315</subfield><subfield code="w">(OCoLC)11397097</subfield></datafield><datafield ind1="0" ind2="0" tag="785"><subfield code="t">Rural reporter (Wahiawa, Hawaii : 1953)</subfield><subfield code="w">(DLC)sn 84045317</subfield><subfield code="w">(OCoLC)11397081</subfield></datafield></record>